<record><leader>00000cas a22000007a 4500</leader><controlfield tag="001">14985185</controlfield><controlfield tag="008">861217d18921893iauwr ne      0    0eng d</controlfield><datafield ind1=" " ind2=" " tag="010"><subfield code="a">sn 86060321 </subfield></datafield><datafield ind1=" " ind2=" " tag="040"><subfield code="a">INP</subfield><subfield code="b">eng</subfield><subfield code="c">INP</subfield><subfield code="d">OCLCQ</subfield></datafield><datafield ind1=" " ind2=" " tag="042"><subfield code="a">msc</subfield></datafield><datafield ind1="0" ind2=" " tag="130"><subfield code="a">Page County gazette (Coin, Iowa : 1892)</subfield></datafield><datafield ind1="1" ind2="0" tag="245"><subfield code="a">Page County gazette.</subfield></datafield><datafield ind1="1" ind2="3" tag="246"><subfield code="a">Coin eagle</subfield></datafield><datafield ind1=" " ind2=" " tag="260"><subfield code="a">Coin, Page County, Iowa :</subfield><subfield code="b">Phelps &amp; Monzingo,</subfield><subfield code="c">1892-1893.</subfield></datafield><datafield ind1=" " ind2=" " tag="300"><subfield code="a">1 v. :</subfield><subfield code="b">ill.</subfield></datafield><datafield ind1=" " ind2=" " tag="310"><subfield code="a">Weekly</subfield></datafield><datafield ind1="0" ind2=" " tag="362"><subfield code="a">Vol. 12, no. 1 (Nov. 11, 1892)-v. 12, no. 50 (Oct. 19, 1893).</subfield></datafield><datafield ind1=" " ind2=" " tag="500"><subfield code="a">Publisher varies.</subfield></datafield><datafield ind1=" " ind2=" " tag="752"><subfield code="a">United States</subfield><subfield code="b">Iowa</subfield><subfield code="c">Page</subfield><subfield code="d">Coin.</subfield></datafield><datafield ind1="0" ind2="0" tag="780"><subfield code="t">Coin eagle</subfield><subfield code="w">(DLC)sn 87057979</subfield></datafield><datafield ind1="0" ind2="0" tag="785"><subfield code="t">Coin gazette (Coin, Iowa : 1893)</subfield><subfield code="w">(DLC)sn 88059230</subfield></datafield></record>